@Mastersthesis{thesis:wouter,
	author = {Wouter De Gucht},
	title = {Ontwerp van een autonome quadcopter},
	school = {Universiteit Gent},
	year = {2014},
}

@electronic{url:lokerse,
	title         = {Drone for drinks},
	url           = {http://www.lokersefeesten.be/drone-for-drinks/},
	year          = {2015},
}

@article{paper:deliveryQuad,
	author		  = {M. R. Haque and M. Muhammad and D. Swarnaker and M. Arifuzzaman},
	title         = {Autonomous Quadcopter for Product Home Delivery},
	year          = {2014},
	journal		  = {2014 International Conference on Electrical Engineering and Information and Communication Technology (ICEEICT)},
	page		  = {1-5},
	publisher	  = {IEEE},
}

@article{paper:structureInspection1,
	author		  = {Inkyu Sa and Peter Corke},
	title         = {Vertical Infrastructure Inspection using a Quadcopter and Shared Autonomy Control},
	year          = {2014},
	journal		  = {Springer Tracts in Advanced Robotics},
	volume		  = {92},
	publisher	  = {Springer},
	page		  = {219-232},
}

@article{paper:structureInspection2,
	author		  = {Zhaozheng Yin},
	title         = {A Quadcopter with Heterogeneous Sensors for Autonomous Bridge Inspection},
	year          = {2014},
}

@article{paper:SLAMQuad,
	author		  = {S. Gupte and P.I.T. Mohandas and J.M. Conrad},
	title         = {A survey of quadrotor Unmanned Aerial Vehicles},
	year          = {2012},
	journal		  = {Southeastcon, 2012 Proceedings of IEEE},
	page		  = {1-6},
	publisher	  = {IEEE},
}

@article{paper:SLAMQuad2,
	author		  = {Nathan Michael and Shaojie Shen and Kartik Mohta and Yash Mulgaonkar and Vijay Kumar},
	title         = {Collaborative Mapping of an Earthquake-Damaged Building via Ground and Aerial Robots},
	year          = {2012},
	journal		  = {Journal of Field Robotics},
	page		  = {832-841},
	publisher	  = {Wiley},
	volume	      = {29},
	number		  = {5},
}

@article{paper:SearchRescueQuad,
	author		  = {Rodrigo Ventura and Pedro U. Lima},
	title         = {Search and Rescue Robots: the Civil Protection Teams of the Future},
	year          = {2012},
	journal		  = {2012 Third International Conference on Emerging Security Technologies},
	page		  = {12-19},
	publisher	  = {IEEE},
}

@article{paper:flyingInvertedPendulum,
	author		  = {Dario Brescianini and Markus Hehn and Raffaello D'Andrea},
	title         = {Quadcopter Pole Acrobatics},
	year          = {2013},
	journal		  = {2013 IEEE/RSJ International Conference on Intelligent Robots and Systems (IROS)},
	page		  = {3472-3479},
	publisher	  = {IEEE},
}

@article{paper:multiflips,
	author		  = {Sergei Lupashin and Angela Schollig and Michael Sherback and Raffaello D'Andrea},
	title         = {A Simple Learning Strategy for High-Speed Quadrocopter Multi-Flips},
	year          = {2010},
	journal		  = {2010 IEEE International Conference on Robotics and Automation Anchorage Convention District},
	page		  = {1642-1648},
	publisher	  = {IEEE},
}

@article{paper:buildingQuad,
	author		  = {Federico Augugliaro and Ammar Mirjan and Fabio Gramazio and Matthias Kohler and Raffaello D'Andrea},
	title         = {Building Tensile Structures with Flying Machines},
	year          = {2013},
	journal		  = {2013 IEEE/RSJ International Conference on
	Intelligent Robots and Systems (IROS)},
	page		  = {3487-3492},
	publisher	  = {IEEE},
}

@article{paper:opticalFlowQuad,
	author		  = {Volker Grabe and Heinrich H. Bulthoff and Paolo Robuffo Giordano},
	title         = {On-board Velocity Estimation and Closed-loop Control of a Quadrotor UAV based on Optical Flow},
	year          = {2012},
	journal		  = {2012 IEEE International Conference on Robotics and Automation},
	page		  = {491-497},
	publisher	  = {IEEE},
}

@INPROCEEDINGS{paper:3DGround2,
	author = {Dorit Borrmann and Jan Elseberg and Kai Lingemann and Andreas N\"uchter and Joachim Hertzberg},
	title = {Globally consistent {3D} mapping with scan matching},
	booktitle = {Robotics and Autonomous Systems},
	page = {130-142},
	volume = {52},
	number = {2},
	year = {2008},
	publisher = {Elsevier},
}

@INPROCEEDINGS{paper:3DGround,
	author = {Peter Henry and Michael Krainin and Evan Herbst and Xiaofeng Ren and Dieter Fox},
	title = {RGB-D Mapping: Using depth cameras for dense 3D modeling of indoor environments},
	booktitle = {12th International Symposium on Experimental Robotics (ISER)},
	year = {2010}
}

@Mastersthesis{thesis:jens,
	author = {Jens Nyman},
	title = {Designing an Autonomous Exploration Architecture for an Indoor Quadcopter},
	school = {Universiteit Gent},
	year = {2012},
}

@INPROCEEDINGS{paper:3DQuad, 
	author={Shaojie Shen and Michael, Nathan and Kumar, V.}, 
	booktitle={Robotics and Automation (ICRA), 2012 IEEE International Conference on}, 
	title={Autonomous indoor {3D} exploration with a micro-aerial vehicle}, 
	year={2012}, 
	pages={9-15}, 
}

@electronic{url:opencv,
	title         = {OpenCV},
	url           = {http://opencv.org/},
	year          = {2015},
}


@article{paper:PyrLK,
	author		  = {Jean-Yves Bouguet},
	title         = {Pyramidal Implementation of the Affine Lucas Kanade Feature Tracker},
	year          = {2001},
}

@article{paper:LK,
	author		  = {Bruce D. Lucas and Takeo Kanade},
	title         = {An Iterative Image Registration Technique with an Application to Stereo Vision},
	year          = {1981},
	journal		  = {Proceedings DARPA Image Understanding Workshop},
	page		  = {121-130},
}

@article{paper:cpythonbenchmark,
	author		  = {Lutz Prechelt},
	title         = {An empirical comparison of	C, C++, Java, Perl, Python, Rexx, and Tcl	for a search/string-processing program},
	year          = {2010},
}

@article{paper:cpythonbenchmark2,
	author		  = {Brian Thorne and Rapha\"el Grasset, Richard Green},
	title         = {Using Python in Computer Vision: Performance and Usability},
	year          = {2014},
}

@electronic{url:zeromq,
	title         = {ZeroMQ},
	url           = {http://zeromq.org/},
	year          = {2014},
}


@electronic{url:quicklzbench,
	title         = {LZ4},
	url           = {http://www.lz4.org/},
	year          = {2013},
}

@electronic{url:quicklz,
	title         = {QuickLZ},
	url           = {http://www.quicklz.com/},
	year          = {2011},
}

@article{paper:FAST,
	author		  = {Edward Rosten and Tom Drummond},
	title         = {Machine learning for high-speed corner detection},
	journal		  = {European Conference on Computer Vision},
	volume	      = {1},
	pages         = {430-443},
	year          = {2006},
}

@article{paper:GFTT,
	author		  = {Jianbo Shi and Carlo Tomasi},
	title         = {Good Features to Track},
	journal		  = {Computer Vision and Pattern Recognition},
	pages         = {593-600},
	year          = {1994},
	publisher	  = {IEEE},
}

@article{paper:ZieglerNichols,
	author		  = {J. G. Ziegler and N. B. Nichols},
	title         = {Optimum settings for automatic controllers},
	journal		  = {Journal of Dynamic Systems, Measurement, and Control},
	pages         = {220-222},
	year          = {1993},
	volume   	  = {115},
	number		  = {2B},
	publisher	  = {American Society of Mechanical Engineers},
}

@article{paper:PIDtuning,
	author		  = {Kiam Heong Ang and Gregory Chong and Yun Li},
	title         = {PID Control System Analysis, Design,
	and Technology},
	journal		  = {IEEE Transactions on Control Systems Technology},
	pages         = {220-222},
	year          = {2005},
	volume   	  = {13},
	number		  = {4},
	publisher	  = {IEEE},
}

@book{book:SLAMHandbook,
	author		  = {Sebastian Thrun and John J. Leonard},
	title         = {Springer Handbook of Robotics,
	and Technology},
	pages         = {871-889},
	year          = {2008},
	publisher	  = {Springer},
}

@article{paper:SLAMconsistency,
	author		  = {Tim Bailey and Juan Nieto and Jose Guivant and Michael Stevens and Eduardo Nebot},
	title         = {Consistency of the EKF-SLAM Algorithm},
	journal		  = {2006 IEEE/RSJ International Conference on Intelligent Robots and Systems},
	pages         = {3562-3568},
	year          = {2006},
	publisher	  = {IEEE},
}

@article{paper:FastSLAM,
	author		  = {Michael Montemerlo and Sebastian Thrun and Daphne Koller and Ben Wegbreit},
	title         = {FastSLAM: A Factored Solution to the Simultaneous Localization and Mapping Problem},
	year          = {2002},
	publisher	  = {AAAI},
}

@article{paper:SLAMTutorial,
	author		  = {Hugh Durrant-Whyte and Tim Bailey},
	title         = {Simultaneous Localization and Mapping: Part I},
	year          = {2006},
	journal       = {Robotics and Automation Magazine},
	volume 		  = {13},
	number        = {2},
	publisher	  = {IEEE},
	page	      = {99-110},
}

@article{paper:BayesianMap,
	author		  = {Kevin P. Murphy},
	title         = {Bayesian Map Learning in Dynamix Environments},
	year          = {2000},
	journal		  = {MIT Press},
	page		  = {1015-1021},
	publisher	  = {MIT},
}

@article{paper:sameasme1,
	author		  = {M. G\"abel and T. \text{Kr\"uger} and U. Bestmann},
	title         = {Design of a Quadrotor System for an Autonomous Indoor Exploration},
	year          = {2014},
	publisher	  = {Delft University of Technology},
}

@article{paper:sameasme2,
	author		  = {Dongze Huang and Zhihao Cai and Yingxun Wang and Xiang He},
	title         = {A Real-time Fast Incremental SLAM Method for Indoor Navigation},
	journal		  = {Chinese Automation Congress},
	page		  = {171-176},
	year          = {2013},
	publisher	  = {IEEE},
}

@electronic{url:hectorROS,
	title         = {ROS HectorSLAM},
	url           = {https://github.com/tu-darmstadt-ros-pkg/hector_slam},
	year          = {2011},
}

@article{paper:hectorSLAM,
  author 		  = {S. Kohlbrecher and J. Meyer and O. von Stryk and U. Klingauf},
  title 		  = {A Flexible and Scalable SLAM System with Full 3D Motion Estimation},
  year 			  = {2011},
  month 		  = {November},
  booktitle		  = {Proc. IEEE International Symposium on Safety, Security and Rescue Robotics (SSRR)},
  organization 	  = {IEEE},
}

@article{paper:tinySLAM,
	author		  = {Bruno Steux and Oussama El Hamzaoui},
	title         = {TinySLAM : a SLAM Algorithm in less than 200 lines C-Language Program},
	year          = {2010},
	journal		  = {2010 11th International Conference on Control, Automation, Robotics and Vision},
	page		  = {1975-1979},
	publisher	  = {IEEE},
}


@Mastersthesis{thesis:BreezySLAM,
	author = {S. Bajracharya},
	title = {BreezySLAM: A Simple, efficient, cross-platform Python package for Simultaneous Localization and Mapping},
	institution = {Washinton and Lee University},
	year = {2014},
}

@article{paper:tinySLAM2,
	author		  = {Bruno Steux and Oussama El Hamzaoui},
	title         = {SLAM algorithm with parallel localization loops: TinySLAM 1.1},
	year          = {2011},
	journal		  = {2011 International Conference on Automation and Logistics},
	page		  = {137-142},
	publisher	  = {IEEE},
}

@electronic{url:BreezySLAMlib,
	author        = {S. Bajracharya and Simon D. Levy},
	title         = {BreezySLAM},
	url           = {https://github.com/simondlevy/BreezySLAM},
	year          = {2014},
}

@article{paper:OctoSLAM, 
	author		  = {Fossel, J. and Hennes, D. and Claes, D. and Alers, S. and Tuyls, K.}, 
	booktitle	  = {2013 International Conference on Unmanned Aircraft Systems (ICUAS)}, 
	title	 	  = {OctoSLAM: A 3D mapping approach to situational awareness of unmanned aerial vehicles}, 
	year		  = {2013},
	pages		  = {179-188}, 
}
