%% LaTeX2e file `abstract.bib'
%% generated by the `filecontents' environment
%% from source `abstract' on 2015/06/09.
%%
 @article{greenwade93,
  author  = "George D. Greenwade",
  title   = "The {C}omprehensive {T}ex {A}rchive {N}etwork ({CTAN})",
  year    = "1993",
  journal = "TUGBoat",
  volume  = "14",
  number  = "3",
  pages   = "342--351"
 }
 @book{goossens93,
  author    = "Michel Goossens and Frank Mittelbach and Alexander Samarin",
  title     = "The LaTeX Companion",
  year      = "1993",
  publisher = "Addison-Wesley",
  address   = "Reading, Massachusetts"
 }
