

@article{paper:structureInspection2,
	author		  = {Zhaozheng Yin},
	title         = {A Quadcopter with Heterogeneous Sensors for Autonomous Bridge Inspection},
	year          = {2014},
}

@article{paper:deliveryQuad,
	author		  = {M. R. Haque and M. Muhammad and D. Swarnaker and M. Arifuzzaman},
	title         = {Autonomous Quadcopter for Product Home Delivery},
	year          = {2014},
	journal		  = {2014 International Conference on Electrical Engineering and Information and Communication Technology (ICEEICT)},
	page		  = {1-5},
	publisher	  = {IEEE},
}

@Mastersthesis{thesis:wouter,
	author = {Wouter {De Gucht}},
	title = {Ontwerp van een autonome quadcopter},
	school = {Universiteit Gent},
	year = {2014},
}

@article{paper:GFTT,
	author		  = {Jianbo Shi and Carlo Tomasi},
	title         = {Good Features to Track},
	journal		  = {Computer Vision and Pattern Recognition},
	pages         = {593-600},
	year          = {1994},
	publisher	  = {IEEE},
}

@article{paper:FAST,
	author		  = {Edward Rosten and Tom Drummond},
	title         = {Machine learning for high-speed corner detection},
	journal		  = {European Conference on Computer Vision},
	volume	      = {1},
	pages         = {430-443},
	year          = {2006},
}

@article{paper:ZieglerNichols,
	author		  = {J. G. Ziegler and N. B. Nichols},
	title         = {Optimum settings for automatic controllers},
	journal		  = {Journal of Dynamic Systems, Measurement, and Control},
	pages         = {220-222},
	year          = {1993},
	volume   	  = {115},
	number		  = {2B},
	publisher	  = {American Society of Mechanical Engineers},
}

@book{book:SLAMHandbook,
	author		  = {Sebastian Thrun and John J. Leonard},
	title         = {Springer Handbook of Robotics,
	and Technology},
	pages         = {871-889},
	year          = {2008},
	publisher	  = {Springer},
}

@article{paper:SLAMconsistency,
	author		  = {Tim Bailey and Juan Nieto and Jose Guivant and Michael Stevens and Eduardo Nebot},
	title         = {Consistency of the EKF-SLAM Algorithm},
	journal		  = {2006 IEEE/RSJ International Conference on Intelligent Robots and Systems},
	pages         = {3562-3568},
	year          = {2006},
	publisher	  = {IEEE},
}

@article{paper:FastSLAM,
	author		  = {Michael Montemerlo and Sebastian Thrun and Daphne Koller and Ben Wegbreit},
	title         = {FastSLAM: A Factored Solution to the Simultaneous Localization and Mapping Problem},
	year          = {2002},
	publisher	  = {AAAI},
}

@article{paper:hectorSLAM,
	author 		  = {S. Kohlbrecher and J. Meyer and O. von Stryk and U. Klingauf},
	title 		  = {A Flexible and Scalable SLAM System with Full 3D Motion Estimation},
	year 			  = {2011},
	month 		  = {November},
	booktitle		  = {Proc. IEEE International Symposium on Safety, Security and Rescue Robotics (SSRR)},
	organization 	  = {IEEE},
}

@article{paper:tinySLAM2,
	author		  = {Bruno Steux and Oussama El Hamzaoui},
	title         = {SLAM algorithm with parallel localization loops: TinySLAM 1.1},
	year          = {2011},
	journal		  = {2011 International Conference on Automation and Logistics},
	page		  = {137-142},
	publisher	  = {IEEE},
}

@Mastersthesis{thesis:BreezySLAM,
	author = {S. Bajracharya},
	title = {BreezySLAM: A Simple, efficient, cross-platform Python package for Simultaneous Localization and Mapping},
	institution = {Washinton and Lee University},
	year = {2014},
}